@misc{278:lecture,
  author    = {Shel Finkelstein},
  title     = {Lecture notes from Database Systems},
  month     = {February},
  year      = {2018},
  publisher = {University of California, Santa Cruz}
}
